<record><leader>00000cas a22000007a 4500</leader><controlfield tag="001">24726804</controlfield><controlfield tag="008">911108d185818uuncuwr ne      0    0eng d</controlfield><datafield ind1=" " ind2=" " tag="010"><subfield code="a">sn 91068721 </subfield></datafield><datafield ind1=" " ind2=" " tag="040"><subfield code="a">NVJ</subfield><subfield code="b">eng</subfield><subfield code="c">NVJ</subfield><subfield code="d">OCLCQ</subfield></datafield><datafield ind1=" " ind2=" " tag="042"><subfield code="a">msc</subfield></datafield><datafield ind1="0" ind2="0" tag="245"><subfield code="a">Roanoke cresset.</subfield></datafield><datafield ind1="1" ind2="3" tag="246"><subfield code="a">Goelet's Roanoke cresset</subfield></datafield><datafield ind1=" " ind2=" " tag="260"><subfield code="a">Plymouth, N.C. :</subfield><subfield code="b">R.S. Goelet</subfield></datafield><datafield ind1=" " ind2=" " tag="300"><subfield code="a">v.</subfield></datafield><datafield ind1=" " ind2=" " tag="310"><subfield code="a">Weekly</subfield></datafield><datafield ind1="1" ind2=" " tag="362"><subfield code="a">Began in 1858.</subfield></datafield><datafield ind1=" " ind2=" " tag="588"><subfield code="a">Description based on: Vol. 2, no. 1 (July 30, 1859).</subfield></datafield><datafield ind1=" " ind2=" " tag="752"><subfield code="a">United States</subfield><subfield code="b">North Carolina</subfield><subfield code="c">Washington</subfield><subfield code="d">Plymouth.</subfield></datafield></record>